@article{a1,
	author={William Crumpler and James A. Lewis},
	year={2021},
	title={How Does Facial Recognition Work?},
	journal={},
	url={https://csis-website-prod.s3.amazonaws.com/s3fs-public/publication/210610_Crumpler_Lewis_FacialRecognition.pdf?N_.EebzZ.iT7wWgM0TcPhgNRqpNE_edy}
}

@article{a2,
	author={Sven Heiberg, Kristjan Krips, Jan Willemson and Priit Vinkel},
	year={2021},
	title={Facial Recognition for Remote Electronic Voting â€“  Missing Piece of the Puzzle or Yet Another Liability?},
	journal={},
	url={https://eprint.iacr.org/2021/1143.pdf}
}

@article{a3,
	author={Paul Viola,Michael Jones },
	year={2001},
	title={Rapid Object Detection using a Boosted Cascade of Simple Features},
	journal={},
	url={https://www.cs.cmu.edu/~efros/courses/LBMV07/Papers/viola-cvpr-01.pdf}
}

@article{a4,
	author={Gregory Koch, Richard Zemel, Ruslan Salakhutdinov },
	year={2021},
	title={Siamese Neural Networks for One-shot Image Recognition},
	journal={},
	url={https://www.cs.cmu.edu/~rsalakhu/papers/oneshot1.pdf}
}

@article{v1,
	author={Murtaza's Workshop},
	year={2020},
	title={FACE RECOGNITION + ATTENDANCE PROJECT | OpenCV Python | Computer Vision},
	journal={},
	url={https://www.youtube.com/watch?v=sz25xxF_AVE}
}

@article{v2,
	author={Computerphile},
	year={2018},
	title={Detecting Faces (Viola Jones Algorithm) - Computerphile},
	journal={},
	url={https://www.youtube.com/watch?v=uEJ71VlUmMQ}
}

@article{v3,
	author={Computerphile},
	year={2018},
	title={How Face ID Works... Probably - Computerphile},
	journal={},
	url={https://www.youtube.com/watch?v=mwTaISbA87A}
}




